<collection xmlns="http://www.loc.gov/MARC21/slim">
<record>
  <leader>03822nam0a2200625 i 450 </leader>
  <controlfield tag="001">IT\ICCU\CNCE\028063</controlfield>
  <controlfield tag="005">20070417000000.0</controlfield>
  <datafield tag="012" ind1=" " ind2=" ">
    <subfield code="a">tio. O,a, ant- chdi (3) 1588 (R)</subfield>
    <subfield code="2">fei</subfield>
  </datafield>
  <datafield tag="100" ind1=" " ind2=" ">
    <subfield code="a">19971103d1588        0itac0103    ba</subfield>
  </datafield>
  <datafield tag="101" ind1=" " ind2=" ">
    <subfield code="a">ITA</subfield>
  </datafield>
  <datafield tag="102" ind1=" " ind2=" ">
    <subfield code="a">IT</subfield>
  </datafield>
  <datafield tag="200" ind1="1" ind2=" ">
    <subfield code="a">Prediche del reuer.mo monsig.or Cornelio Musso vescouo di Bitonto. Per li due primi giorni di Pasqua, &amp; per il marted dopo la IIII domenica di Quaresima. Nuouamente poste in luce. Con due tauole, vna de&apos; sommarij, &amp; l&apos;altra delle cose pi ̮notabili</subfield>
  </datafield>
  <datafield tag="210" ind1=" " ind2=" ">
    <subfield code="a">In Vinezia</subfield>
    <subfield code="c">nella stamperia de&apos; Giunti</subfield>
    <subfield code="d">1588</subfield>
    <subfield code="e">In Vinezia</subfield>
    <subfield code="g">nella stamperia de&apos; Giunti</subfield>
    <subfield code="h">1588</subfield>
  </datafield>
  <datafield tag="215" ind1=" " ind2=" ">
    <subfield code="a">\8!, 46, \2! p.</subfield>
    <subfield code="c">ill.</subfield>
    <subfield code="d">4ʻ</subfield>
  </datafield>
  <datafield tag="620" ind1=" " ind2=" ">
    <subfield code="a">IT</subfield>
    <subfield code="d">Venezia</subfield>
  </datafield>
  <datafield tag="700" ind1=" " ind2="1">
    <subfield code="a">Musso,</subfield>
    <subfield code="b">Cornelio</subfield>
    <subfield code="3">IT\ICCU\CNCA\001160</subfield>
  </datafield>
  <datafield tag="712" ind1="0" ind2="0">
    <subfield code="a">Giunta, Lucantonio</subfield>
    <subfield code="c"> &lt;2.&gt;</subfield>
    <subfield code="3">IT\ICCU\CNCT\000089</subfield>
    <subfield code="4">650</subfield>
  </datafield>
  <datafield tag="790" ind1=" " ind2="1">
    <subfield code="a">Mussi,</subfield>
    <subfield code="b">Cornelio</subfield>
    <subfield code="3">IT\ICCU\CNCA\007262</subfield>
    <subfield code="z">Musso, Cornelio</subfield>
  </datafield>
  <datafield tag="790" ind1=" " ind2="1">
    <subfield code="a">Mussus,</subfield>
    <subfield code="b">Cornelius</subfield>
    <subfield code="3">IT\ICCU\CNCA\021133</subfield>
    <subfield code="z">Musso, Cornelio</subfield>
  </datafield>
  <datafield tag="791" ind1="0" ind2="0">
    <subfield code="a">Iunta, Lucas Antonius</subfield>
    <subfield code="c"> &lt;2.&gt;</subfield>
    <subfield code="3">IT\ICCU\CNCT\003893</subfield>
    <subfield code="z">Giunta, Lucantonio &lt;2.&gt;</subfield>
  </datafield>
  <datafield tag="791" ind1="0" ind2="0">
    <subfield code="a">Giunti, Lucantonio</subfield>
    <subfield code="c"> &lt;2.&gt;</subfield>
    <subfield code="3">IT\ICCU\CNCT\004932</subfield>
    <subfield code="z">Giunta, Lucantonio &lt;2.&gt;</subfield>
  </datafield>
  <datafield tag="801" ind1=" " ind2="3">
    <subfield code="a">IT</subfield>
    <subfield code="b">ICCU</subfield>
    <subfield code="c">20201114</subfield>
  </datafield>
  <datafield tag="899" ind1=" " ind2=" ">
    <subfield code="a">Biblioteca comunale Antonelliana. Senigallia</subfield>
    <subfield code="1">AN0069</subfield>
    <subfield code="2">URB BS</subfield>
  </datafield>
  <datafield tag="899" ind1=" " ind2=" ">
    <subfield code="a">Biblioteca provinciale Salvatore Tommasi. Bazzano</subfield>
    <subfield code="1">AQ0047</subfield>
    <subfield code="2">ABR PR</subfield>
  </datafield>
  <datafield tag="899" ind1=" " ind2=" ">
    <subfield code="a">Biblioteca comunale. Imola</subfield>
    <subfield code="1">BO0199</subfield>
    <subfield code="2">UBO BC</subfield>
  </datafield>
  <datafield tag="899" ind1=" " ind2=" ">
    <subfield code="a">Biblioteca provinciale dei frati minori cappuccini. Bologna</subfield>
    <subfield code="z">MUTILO</subfield>
    <subfield code="1">BO0342</subfield>
    <subfield code="2">PBE 94</subfield>
  </datafield>
  <datafield tag="899" ind1=" " ind2=" ">
    <subfield code="a">Biblioteca civica Queriniana. Brescia</subfield>
    <subfield code="1">BS0026</subfield>
    <subfield code="2">ZBS 01</subfield>
  </datafield>
  <datafield tag="899" ind1=" " ind2=" ">
    <subfield code="a">Biblioteca comunale Pietro Mineo. Agira</subfield>
    <subfield code="1">EN0002</subfield>
    <subfield code="2">ZEN 02</subfield>
  </datafield>
  <datafield tag="899" ind1=" " ind2=" ">
    <subfield code="a">Biblioteca Apostolica Vaticana. Citt ̉del Vaticano</subfield>
    <subfield code="1">EX0001</subfield>
    <subfield code="2">ZCV 01</subfield>
  </datafield>
  <datafield tag="899" ind1=" " ind2=" ">
    <subfield code="a">Pontificia Biblioteca Antoniana. Padova</subfield>
    <subfield code="1">EX0020</subfield>
    <subfield code="2">PUV 78</subfield>
  </datafield>
  <datafield tag="899" ind1=" " ind2=" ">
    <subfield code="a">Biblioteca Medicea Laurenziana. Firenze</subfield>
    <subfield code="1">FI0100</subfield>
    <subfield code="2">CFI ML</subfield>
  </datafield>
  <datafield tag="899" ind1=" " ind2=" ">
    <subfield code="a">Biblioteca Marucelliana. Firenze</subfield>
    <subfield code="1">FI0101</subfield>
    <subfield code="2">CFI MF</subfield>
  </datafield>
  <datafield tag="899" ind1=" " ind2=" ">
    <subfield code="a">Biblioteca delle Oblate. Firenze</subfield>
    <subfield code="1">FI0104</subfield>
    <subfield code="2">RT1 AA</subfield>
  </datafield>
  <datafield tag="899" ind1=" " ind2=" ">
    <subfield code="a">Biblioteca Giovardiana. Veroli</subfield>
    <subfield code="1">FR0072</subfield>
    <subfield code="2">RMS G1</subfield>
  </datafield>
  <datafield tag="899" ind1=" " ind2=" ">
    <subfield code="a">Biblioteca statale. Lucca</subfield>
    <subfield code="1">LU0022</subfield>
    <subfield code="2">LUA BL</subfield>
  </datafield>
  <datafield tag="899" ind1=" " ind2=" ">
    <subfield code="a">Biblioteca comunale Francesco Antolisei. San Severino Marche</subfield>
    <subfield code="1">MC0075</subfield>
    <subfield code="2">UMC FA</subfield>
  </datafield>
  <datafield tag="899" ind1=" " ind2=" ">
    <subfield code="a">Biblioteca provinciale Tommaso Stigliani. Matera</subfield>
    <subfield code="1">MT0029</subfield>
    <subfield code="2">BAS 01</subfield>
  </datafield>
  <datafield tag="899" ind1=" " ind2=" ">
    <subfield code="a">Biblioteca del Seminario Vescovile della Facolt ̉Teologica del Triveneto dell&apos;Istituto Filosofico Aloisianum. Padova</subfield>
    <subfield code="1">PD0073</subfield>
    <subfield code="2">PUV 01</subfield>
  </datafield>
  <datafield tag="899" ind1=" " ind2=" ">
    <subfield code="a">Biblioteca comunale Francesco Melosio. Citt ̉della Pieve</subfield>
    <subfield code="1">PG0031</subfield>
    <subfield code="2">UM1 14</subfield>
  </datafield>
  <datafield tag="899" ind1=" " ind2=" ">
    <subfield code="a">Biblioteca comunale Giosu ̈Carducci. Citt ̉di Castello</subfield>
    <subfield code="1">PG0032</subfield>
    <subfield code="2">UM1 05</subfield>
  </datafield>
  <datafield tag="899" ind1=" " ind2=" ">
    <subfield code="a">Biblioteca Porziuncola. Assisi</subfield>
    <subfield code="1">PG0179</subfield>
    <subfield code="2">UM1 36</subfield>
  </datafield>
  <datafield tag="899" ind1=" " ind2=" ">
    <subfield code="a">Biblioteca civica. Pordenone</subfield>
    <subfield code="1">PN0051</subfield>
    <subfield code="2">TSA BP</subfield>
  </datafield>
  <datafield tag="899" ind1=" " ind2=" ">
    <subfield code="a">Biblioteca comunale Forteguerriana. Pistoia</subfield>
    <subfield code="1">PT0025</subfield>
    <subfield code="2">RT1 IE</subfield>
  </datafield>
  <datafield tag="899" ind1=" " ind2=" ">
    <subfield code="a">Biblioteca Oliveriana. Pesaro</subfield>
    <subfield code="1">PU0061</subfield>
    <subfield code="2">URB OL</subfield>
  </datafield>
  <datafield tag="899" ind1=" " ind2=" ">
    <subfield code="a">Biblioteca centrale dell&apos;Area umanistica dell&apos;Universit ̉degli studi di Urbino. Urbino</subfield>
    <subfield code="1">PU0206</subfield>
    <subfield code="2">URB AU</subfield>
  </datafield>
  <datafield tag="899" ind1=" " ind2=" ">
    <subfield code="a">Biblioteca universitaria Alessandrina. Roma</subfield>
    <subfield code="1">RM0280</subfield>
    <subfield code="2">RML 01</subfield>
  </datafield>
  <datafield tag="899" ind1=" " ind2=" ">
    <subfield code="a">Biblioteca Casanatense. Roma</subfield>
    <subfield code="1">RM0313</subfield>
    <subfield code="2">RML 07</subfield>
  </datafield>
  <datafield tag="899" ind1=" " ind2=" ">
    <subfield code="a">Biblioteca Alagoniana. Siracusa</subfield>
    <subfield code="z">MUTILO</subfield>
    <subfield code="1">SR0052</subfield>
    <subfield code="2">SBS AL</subfield>
  </datafield>
  <datafield tag="899" ind1=" " ind2=" ">
    <subfield code="a">Biblioteca del Centro culturale diocesano. Susa</subfield>
    <subfield code="1">TO0234</subfield>
    <subfield code="2">TO1 EE</subfield>
  </datafield>
  <datafield tag="899" ind1=" " ind2=" ">
    <subfield code="a">Biblioteca S. Francesco della Vigna. Venezia</subfield>
    <subfield code="1">VE0031</subfield>
    <subfield code="2">VIA SF</subfield>
  </datafield>
  <datafield tag="899" ind1=" " ind2=" ">
    <subfield code="a">Biblioteca nazionale Marciana. Venezia</subfield>
    <subfield code="1">VE0049</subfield>
    <subfield code="2">VEA BM</subfield>
  </datafield>
  <datafield tag="911" ind1=" " ind2=" ">
    <subfield code="a">Sul front.</subfield>
    <subfield code="9">IT\ICCU\CNCM\002065</subfield>
  </datafield>
  <datafield tag="911" ind1=" " ind2=" ">
    <subfield code="a">Nel coloph.</subfield>
    <subfield code="9">IT\ICCU\CNCM\000034</subfield>
  </datafield>
  <datafield tag="921" ind1=" " ind2=" ">
    <subfield code="a">IT\ICCU\CNCM\002065</subfield>
    <subfield code="b">Giglio fiorentino e iniziali L.A. In cornice figurata.</subfield>
    <subfield code="c">U628</subfield>
    <subfield code="d">Dimensioni: 4,7 x 5,5</subfield>
    <subfield code="f">GIGLIO</subfield>
    <subfield code="f">LA</subfield>
    <subfield code="g">1586-1599</subfield>
  </datafield>
  <datafield tag="921" ind1=" " ind2=" ">
    <subfield code="a">IT\ICCU\CNCM\000034</subfield>
    <subfield code="b">Giglio fiorentino e iniziali L.A. In cornice figurata.</subfield>
    <subfield code="e">Flos iustitiae.</subfield>
    <subfield code="c">Z643</subfield>
    <subfield code="d">Dimensioni: 5,6 x 7</subfield>
    <subfield code="f">FLOSIUSTIT</subfield>
    <subfield code="f">GIGLIO</subfield>
    <subfield code="f">LA</subfield>
    <subfield code="g">1583-1595</subfield>
  </datafield>
</record>
</collection>
